<record><leader>00000cas a2200000 a 4500</leader><controlfield tag="001">21134729</controlfield><controlfield tag="008">900228c18919999gaudn ne      0    0eng c</controlfield><datafield ind1=" " ind2=" " tag="010"><subfield code="a">sn 89053204 </subfield></datafield><datafield ind1=" " ind2=" " tag="040"><subfield code="a">NLG</subfield><subfield code="b">eng</subfield><subfield code="c">NLG</subfield><subfield code="d">GUA</subfield><subfield code="d">CRL</subfield><subfield code="d">OCLCQ</subfield><subfield code="d">OCLCF</subfield></datafield><datafield ind1="1" ind2=" " tag="029"><subfield code="a">AU@</subfield><subfield code="b">000020586651</subfield></datafield><datafield ind1="1" ind2=" " tag="029"><subfield code="a">NZ1</subfield><subfield code="b">13104106</subfield></datafield><datafield ind1=" " ind2=" " tag="042"><subfield code="a">pcc</subfield></datafield><datafield ind1=" " ind2=" " tag="043"><subfield code="a">n-us-ga</subfield></datafield><datafield ind1="0" ind2=" " tag="130"><subfield code="a">Americus times-recorder (Americus, Ga. : Daily)</subfield></datafield><datafield ind1="1" ind2="0" tag="245"><subfield code="a">Americus times-recorder.</subfield></datafield><datafield ind1="1" ind2="3" tag="246"><subfield code="a">Americus daily times-recorder</subfield></datafield><datafield ind1=" " ind2=" " tag="260"><subfield code="a">Americus, Ga. :</subfield><subfield code="b">Times Pub. Co.,</subfield><subfield code="c">[1891]-</subfield></datafield><datafield ind1=" " ind2=" " tag="300"><subfield code="a">v.</subfield></datafield><datafield ind1=" " ind2=" " tag="310"><subfield code="a">Daily (except Sun. and selected holidays),</subfield><subfield code="b">1932-</subfield></datafield><datafield ind1=" " ind2=" " tag="321"><subfield code="a">Daily (six days a week),</subfield><subfield code="b">1891-1932</subfield></datafield><datafield ind1="0" ind2=" " tag="362"><subfield code="a">Vol. 1, no. 13 (Apr. 19, 1891)-</subfield></datafield><datafield ind1=" " ind2=" " tag="530"><subfield code="a">Also on microfilm: Athens, Ga. : University of Georgia Libraries.</subfield></datafield><datafield ind1=" " ind2=" " tag="580"><subfield code="a">Published concurrently with: Times-recorder (Americus, Ga. : Weekly), 1891, and: Americus times-recorder (Weekly : 1891), 1891-1902, and: Americus weekly times-recorder, 1902-1907, and: Americus times-recorder (Weekly : 1907), 1907-1910, and: Weekly times-recorder (Americus, Ga.), 1910-1917, and: Americus times-recorder (Weekly : 1917), 1917-1922.</subfield></datafield><datafield ind1=" " ind2=" " tag="588"><subfield code="a">Latest issue consulted: Vol. 89, no. 94 (Apr. 9, 1964).</subfield></datafield><datafield ind1=" " ind2="0" tag="651"><subfield code="a">Americus (Ga.)</subfield><subfield code="v">Newspapers.</subfield></datafield><datafield ind1=" " ind2="0" tag="651"><subfield code="a">Sumter County (Ga.)</subfield><subfield code="v">Newspapers.</subfield></datafield><datafield ind1=" " ind2="7" tag="655"><subfield code="a">Newspapers.</subfield><subfield code="2">fast</subfield><subfield code="0">(OCoLC)fst01423814</subfield></datafield><datafield ind1=" " ind2="7" tag="651"><subfield code="a">Georgia</subfield><subfield code="z">Americus.</subfield><subfield code="2">fast</subfield><subfield code="0">(OCoLC)fst01217176</subfield></datafield><datafield ind1=" " ind2="7" tag="651"><subfield code="a">Georgia</subfield><subfield code="z">Sumter County.</subfield><subfield code="2">fast</subfield><subfield code="0">(OCoLC)fst01216008</subfield></datafield><datafield ind1=" " ind2=" " tag="752"><subfield code="a">United States</subfield><subfield code="b">Georgia</subfield><subfield code="c">Sumter</subfield><subfield code="d">Americus.</subfield></datafield><datafield ind1="1" ind2=" " tag="775"><subfield code="t">Times-recorder (Americus, Ga. : Weekly)</subfield><subfield code="w">(DLC)sn 89053206</subfield><subfield code="w">(OCoLC)21136987</subfield></datafield><datafield ind1="1" ind2=" " tag="775"><subfield code="t">Americus times-recorder (Weekly : 1891)</subfield><subfield code="w">(DLC)sn 89053207</subfield><subfield code="w">(OCoLC)21137075</subfield></datafield><datafield ind1="1" ind2=" " tag="775"><subfield code="t">Americus weekly times-recorder</subfield><subfield code="w">(DLC)sn 89053208</subfield><subfield code="w">(OCoLC)21145981</subfield></datafield><datafield ind1="1" ind2=" " tag="775"><subfield code="t">Americus times-recorder (Weekly : 1907)</subfield><subfield code="w">(DLC)sn 89053209</subfield><subfield code="w">(OCoLC)21146087</subfield></datafield><datafield ind1="1" ind2=" " tag="775"><subfield code="t">Weekly times-recorder (Americus, Ga.)</subfield><subfield code="w">(DLC)sn 89053210</subfield><subfield code="w">(OCoLC)21157408</subfield></datafield><datafield ind1="1" ind2=" " tag="775"><subfield code="t">Americus times-recorder (Weekly : 1917)</subfield><subfield code="w">(DLC)sn 89053451</subfield><subfield code="w">(OCoLC)21160314</subfield></datafield><datafield ind1="0" ind2="0" tag="780"><subfield code="t">Times-recorder (Americus, Ga. : Daily)</subfield><subfield code="w">(DLC)sn 89053203</subfield><subfield code="w">(OCoLC)21130737</subfield></datafield></record>